% Encoding: UTF-8

@Thesis{Bron1,
  author      = {Hansson, Niclas and Vidhall, Tomas},
  date        = {2016-06-16},
  institution = {Institutionen för datavetenskap},
  title       = {Effects on performance and usabilityfor cross-platform application development using React Native},
  url         = {https://www.semanticscholar.org/paper/Effects-on-performance-and-usability-for-using-Hansson-Vidhall/8af32f8e56336c8b94604b8aeb7ccc3f42b21d60},
}

@Thesis{Bron2,
  author      = {Awel Eshetu Fentaw},
  date        = {2020-06-02},
  institution = {University of Jyväskylä},
  title       = {Cross platform mobile application development: a comparison study of React Native Vs Flutter},
  type        = {mathesis},
  url         = {https://jyx.jyu.fi/handle/123456789/70969},
}

@Article{Bron3,
  author       = {Sreekanth Dekkati and Harshith Desamsetti and Karu Lal},
  date         = {2019-12},
  journaltitle = {Global Disclosure of Economics and Business},
  title        = {React Native for Android: Cross-Platform Mobile Application Development},
  number       = {2},
  url          = {https://www.researchgate.net/publication/374231963_React_Native_for_Android_Cross-Platform_Mobile_Application_Development},
  volume       = {8},
}

@Article{Bron4,
  author       = {Priyanka Chaudhary},
  date         = {2018-05},
  journaltitle = {International Research Journal of Engineering and Technology},
  title        = {Ionic Framework},
  issue        = {5},
  url          = {https://www.irjet.com/archives/V5/i5/IRJET-V5I5609.pdf},
  volume       = {5},
}

@Article{Bron6,
  author       = {Anmol Khandeparkar and Rashmi Gupta and B. Sindhya},
  date         = {2015-05},
  journaltitle = {International Journal of Computer Applications},
  title        = {An Introduction to Hybrid Platform Mobile Application Development},
  number       = {15},
  url          = {https://research.ijcaonline.org/volume118/number15/pxc3903463.pdf},
  volume       = {118},
}

@Online{Bron7,
  author = {{Android Developers}},
  date   = {2023-05-04},
  title  = {Platform architecture},
  url    = {https://developer.android.com/guide/platform},
}

@Online{Bron7IMG,
  author = {{Android Developers}},
  date   = {2023-05-04},
  title  = {The Android software stack.},
  url    = {https://developer.android.com/static/guide/platform/images/android-stack_2x.png},
}

@Online{Bron8,
  author = {Ionic},
  date   = {2023},
  title  = {Introduction to Ionic},
  url    = {https://ionicframework.com/docs#license},
}

@Comment{jabref-meta: databaseType:biblatex;}
